@article{RamBert19,
    author = {Ramanujan, S.},
    title = {\href{http://ramanujan.sirinudi.org/Volumes/published/ram24.pdf}{A proof of Bertrandâ€™s postulate}},
    journal = {Journal of the Indian Mathematical Society},
    volume = {XI},
    number = {},
    year = {1919},
    doi = {},
    pages = {181-182},
    url = {},
}
